<?xml version="1.0" encoding="UTF-8"?><record xmlns="http://www.loc.gov/MARC21/slim" xmlns:cinclude="http://apache.org/cocoon/include/1.0" xmlns:zs="http://www.loc.gov/zing/srw/">
  <leader>00322nz  a2200121n  4500</leader>
  <controlfield tag="001">no 91007426 </controlfield>
  <controlfield tag="003">DLC</controlfield>
  <controlfield tag="005">19910322055538.1</controlfield>
  <controlfield tag="008">910321n| acannaab|          |n aaa     c</controlfield>
  <datafield tag="010" ind1=" " ind2=" ">
    <subfield code="a">no 91007426 </subfield>
  </datafield>
  <datafield tag="040" ind1=" " ind2=" ">
    <subfield code="a">MoSU-L</subfield>
    <subfield code="c">MoSU-L</subfield>
  </datafield>
  <datafield tag="100" ind1="1" ind2="0">
    <subfield code="a">Sosnowski, Konrad</subfield>
  </datafield>
  <datafield tag="670" ind1=" " ind2=" ">
    <subfield code="a">Poland. Ustawodawstwo dewizowe, 1974:</subfield>
    <subfield code="b">t.p. (Konrad Sosnowski)</subfield>
  </datafield>
</record>